%YAML 1.1
%TAG !u! tag:unity3d.com,2011:
--- !u!1 &632094538
GameObject:
  m_ObjectHideFlags: 0
  m_CorrespondingSourceObject: {fileID: 0}
  m_PrefabInstance: {fileID: 0}
  m_PrefabAsset: {fileID: 0}
  serializedVersion: 6
  m_Component:
  - component: {fileID: 632094539}
  m_Layer: 0
  m_Name: Labels
  m_TagString: Untagged
  m_Icon: {fileID: 0}
  m_NavMeshLayer: 0
  m_StaticEditorFlags: 0
  m_IsActive: 1
--- !u!4 &632094539
Transform:
  m_ObjectHideFlags: 0
  m_CorrespondingSourceObject: {fileID: 0}
  m_PrefabInstance: {fileID: 0}
  m_PrefabAsset: {fileID: 0}
  m_GameObject: {fileID: 632094538}
  m_LocalRotation: {x: 0, y: 0, z: 0, w: 1}
  m_LocalPosition: {x: 0, y: 0, z: 0}
  m_LocalScale: {x: 1, y: 1, z: 1}
  m_Children:
  - {fileID: 4320711091401960611}
  - {fileID: 4320711091149441369}
  - {fileID: 4320711091516655260}
  - {fileID: 4320711090189339993}
  - {fileID: 4320711091094262735}
  m_Father: {fileID: 2366904553390703047}
  m_RootOrder: 2
  m_LocalEulerAnglesHint: {x: 0, y: 0, z: 0}
--- !u!1 &3139923228096191357
GameObject:
  m_ObjectHideFlags: 0
  m_CorrespondingSourceObject: {fileID: 0}
  m_PrefabInstance: {fileID: 0}
  m_PrefabAsset: {fileID: 0}
  serializedVersion: 6
  m_Component:
  - component: {fileID: 2366904553390703047}
  - component: {fileID: 1322432984}
  - component: {fileID: 1322432979}
  - component: {fileID: 1322432980}
  - component: {fileID: 1322432981}
  - component: {fileID: 1322432982}
  - component: {fileID: 1322432983}
  - component: {fileID: 2035350465}
  m_Layer: 0
  m_Name: Bread_board_small
  m_TagString: Untagged
  m_Icon: {fileID: 0}
  m_NavMeshLayer: 0
  m_StaticEditorFlags: 0
  m_IsActive: 1
--- !u!4 &2366904553390703047
Transform:
  m_ObjectHideFlags: 0
  m_CorrespondingSourceObject: {fileID: 0}
  m_PrefabInstance: {fileID: 0}
  m_PrefabAsset: {fileID: 0}
  m_GameObject: {fileID: 3139923228096191357}
  m_LocalRotation: {x: 0, y: 0, z: 0, w: 1}
  m_LocalPosition: {x: 0, y: 0, z: 0}
  m_LocalScale: {x: 3, y: 3, z: 3}
  m_Children:
  - {fileID: 7120321409872846181}
  - {fileID: 1950881656176471504}
  - {fileID: 632094539}
  m_Father: {fileID: 0}
  m_RootOrder: 0
  m_LocalEulerAnglesHint: {x: 0, y: 0, z: 0}
--- !u!65 &1322432984
BoxCollider:
  m_ObjectHideFlags: 0
  m_CorrespondingSourceObject: {fileID: 0}
  m_PrefabInstance: {fileID: 0}
  m_PrefabAsset: {fileID: 0}
  m_GameObject: {fileID: 3139923228096191357}
  m_Material: {fileID: 0}
  m_IsTrigger: 0
  m_Enabled: 1
  serializedVersion: 2
  m_Size: {x: 0.12532908, y: 0.023956532, z: 0.084630266}
  m_Center: {x: 0.001345714, y: 0.005382539, z: 0.0005787263}
--- !u!114 &1322432979
MonoBehaviour:
  m_ObjectHideFlags: 0
  m_CorrespondingSourceObject: {fileID: 0}
  m_PrefabInstance: {fileID: 0}
  m_PrefabAsset: {fileID: 0}
  m_GameObject: {fileID: 3139923228096191357}
  m_Enabled: 1
  m_EditorHideFlags: 0
  m_Script: {fileID: 11500000, guid: 1982cc3eafa0cbe42948f8369e5dc52c, type: 3}
  m_Name: 
  m_EditorClassIdentifier: 
  minimum: 1
  minimumScale: {x: 1, y: 1, z: 1}
  maximum: 1
  maximumScale: {x: 9, y: 9, z: 9}
--- !u!114 &1322432980
MonoBehaviour:
  m_ObjectHideFlags: 0
  m_CorrespondingSourceObject: {fileID: 0}
  m_PrefabInstance: {fileID: 0}
  m_PrefabAsset: {fileID: 0}
  m_GameObject: {fileID: 3139923228096191357}
  m_Enabled: 1
  m_EditorHideFlags: 0
  m_Script: {fileID: 11500000, guid: 7c73c1ab94e28d244827af556dca1ed2, type: 3}
  m_Name: 
  m_EditorClassIdentifier: 
  Use:
    Filter: 0
    IgnoreStartedOverGui: 1
    RequiredFingerCount: 0
    RequiredMouseButtons: 0
    RequiredSelectable: {fileID: 0}
  _camera: {fileID: 0}
  relative: 0
  sensitivity: 1
  damping: -1
  remainingScale: {x: 0, y: 0, z: 0}
--- !u!114 &1322432981
MonoBehaviour:
  m_ObjectHideFlags: 0
  m_CorrespondingSourceObject: {fileID: 0}
  m_PrefabInstance: {fileID: 0}
  m_PrefabAsset: {fileID: 0}
  m_GameObject: {fileID: 3139923228096191357}
  m_Enabled: 1
  m_EditorHideFlags: 0
  m_Script: {fileID: 11500000, guid: 4a02d09de4d378848a95de7a1d385234, type: 3}
  m_Name: 
  m_EditorClassIdentifier: 
  target: {fileID: 3139923228096191357}
  space: 0
  axisA: {x: 0, y: -1, z: 0}
  axisB: {x: 0, y: 0, z: 0}
  rotateAxesToCamera: 0
  _camera: {fileID: 0}
  multiplier: 1
  damping: 10
  scaleByTime: 0
  defaultRotation: {x: 0, y: 0, z: 0}
  remainingDelta: {x: 0, y: 0, z: 0, w: 1}
--- !u!114 &1322432982
MonoBehaviour:
  m_ObjectHideFlags: 0
  m_CorrespondingSourceObject: {fileID: 0}
  m_PrefabInstance: {fileID: 0}
  m_PrefabAsset: {fileID: 0}
  m_GameObject: {fileID: 3139923228096191357}
  m_Enabled: 1
  m_EditorHideFlags: 0
  m_Script: {fileID: 11500000, guid: 5726d77b04f1a53448ffb9873ac0e474, type: 3}
  m_Name: 
  m_EditorClassIdentifier: 
  Use:
    Filter: 0
    IgnoreStartedOverGui: 1
    RequiredFingerCount: 0
    RequiredMouseButtons: 0
    RequiredSelectable: {fileID: 0}
  ignoreIfStatic: 0
  onFingers:
    m_PersistentCalls:
      m_Calls: []
  coordinate: 0
  multiplier: 1
  onDelta:
    m_PersistentCalls:
      m_Calls:
      - m_Target: {fileID: 1322432981}
        m_TargetAssemblyTypeName: Lean.Common.LeanManualRotate, LeanCommonPlus
        m_MethodName: RotateAB
        m_Mode: 0
        m_Arguments:
          m_ObjectArgument: {fileID: 0}
          m_ObjectArgumentAssemblyTypeName: UnityEngine.Object, UnityEngine
          m_IntArgument: 0
          m_FloatArgument: 0
          m_StringArgument: 
          m_BoolArgument: 0
        m_CallState: 2
  onDistance:
    m_PersistentCalls:
      m_Calls: []
  ScreenDepth:
    Conversion: 1
    Camera: {fileID: 0}
    Object: {fileID: 0}
    Layers:
      serializedVersion: 2
      m_Bits: 4294967291
    Distance: 0
  onWorldFrom:
    m_PersistentCalls:
      m_Calls: []
  onWorldTo:
    m_PersistentCalls:
      m_Calls: []
  onWorldDelta:
    m_PersistentCalls:
      m_Calls: []
  onWorldFromTo:
    m_PersistentCalls:
      m_Calls: []
--- !u!114 &1322432983
MonoBehaviour:
  m_ObjectHideFlags: 0
  m_CorrespondingSourceObject: {fileID: 0}
  m_PrefabInstance: {fileID: 0}
  m_PrefabAsset: {fileID: 0}
  m_GameObject: {fileID: 3139923228096191357}
  m_Enabled: 1
  m_EditorHideFlags: 0
  m_Script: {fileID: 11500000, guid: 83dcd8dace8b7fe449d796b980cb121d, type: 3}
  m_Name: 
  m_EditorClassIdentifier: 
  selfSelected: 0
  onSelected:
    m_PersistentCalls:
      m_Calls: []
  onDeselected:
    m_PersistentCalls:
      m_Calls: []
  use: 0
  onSelectedFinger:
    m_PersistentCalls:
      m_Calls: []
  onSelectedFingerUp:
    m_PersistentCalls:
      m_Calls: []
  onSelectedSelectFinger:
    m_PersistentCalls:
      m_Calls: []
  onSelectedSelectFingerUp:
    m_PersistentCalls:
      m_Calls: []
--- !u!114 &2035350465
MonoBehaviour:
  m_ObjectHideFlags: 0
  m_CorrespondingSourceObject: {fileID: 0}
  m_PrefabInstance: {fileID: 0}
  m_PrefabAsset: {fileID: 0}
  m_GameObject: {fileID: 3139923228096191357}
  m_Enabled: 1
  m_EditorHideFlags: 0
  m_Script: {fileID: 11500000, guid: 5e2255f17cf7b8e49a8d49093e0b276a, type: 3}
  m_Name: 
  m_EditorClassIdentifier: 
  differentLabels: 0
  labelToggle: {fileID: 0}
  BoardPinToggleButton: {fileID: 0}
  LabelOnOffToggleButton: 0
  boardToggleStateBool: 0
  BoardLabels: {fileID: 0}
  PinLabels: {fileID: 0}
  Labels: {fileID: 632094538}
--- !u!1 &3595371680053251909
GameObject:
  m_ObjectHideFlags: 0
  m_CorrespondingSourceObject: {fileID: 0}
  m_PrefabInstance: {fileID: 0}
  m_PrefabAsset: {fileID: 0}
  serializedVersion: 6
  m_Component:
  - component: {fileID: 7120321409872846181}
  - component: {fileID: 5202367532630157621}
  - component: {fileID: 4667803396257279677}
  m_Layer: 0
  m_Name: Bread_board_small
  m_TagString: Untagged
  m_Icon: {fileID: 0}
  m_NavMeshLayer: 0
  m_StaticEditorFlags: 0
  m_IsActive: 1
--- !u!4 &7120321409872846181
Transform:
  m_ObjectHideFlags: 0
  m_CorrespondingSourceObject: {fileID: 0}
  m_PrefabInstance: {fileID: 0}
  m_PrefabAsset: {fileID: 0}
  m_GameObject: {fileID: 3595371680053251909}
  m_LocalRotation: {x: 0, y: -0, z: -0, w: 1}
  m_LocalPosition: {x: -0, y: 0, z: 0}
  m_LocalScale: {x: 1, y: 1, z: 1}
  m_Children: []
  m_Father: {fileID: 2366904553390703047}
  m_RootOrder: 0
  m_LocalEulerAnglesHint: {x: 0, y: 0, z: 0}
--- !u!33 &5202367532630157621
MeshFilter:
  m_ObjectHideFlags: 0
  m_CorrespondingSourceObject: {fileID: 0}
  m_PrefabInstance: {fileID: 0}
  m_PrefabAsset: {fileID: 0}
  m_GameObject: {fileID: 3595371680053251909}
  m_Mesh: {fileID: 3878608844663361765, guid: 87c883dd6bfeba74e847109e8955e26c, type: 3}
--- !u!23 &4667803396257279677
MeshRenderer:
  m_ObjectHideFlags: 0
  m_CorrespondingSourceObject: {fileID: 0}
  m_PrefabInstance: {fileID: 0}
  m_PrefabAsset: {fileID: 0}
  m_GameObject: {fileID: 3595371680053251909}
  m_Enabled: 1
  m_CastShadows: 1
  m_ReceiveShadows: 1
  m_DynamicOccludee: 1
  m_MotionVectors: 1
  m_LightProbeUsage: 1
  m_ReflectionProbeUsage: 1
  m_RayTracingMode: 2
  m_RayTraceProcedural: 0
  m_RenderingLayerMask: 1
  m_RendererPriority: 0
  m_Materials:
  - {fileID: 2100000, guid: 2f8cce9fe10615243a9d2e8cf80bc686, type: 2}
  m_StaticBatchInfo:
    firstSubMesh: 0
    subMeshCount: 0
  m_StaticBatchRoot: {fileID: 0}
  m_ProbeAnchor: {fileID: 0}
  m_LightProbeVolumeOverride: {fileID: 0}
  m_ScaleInLightmap: 1
  m_ReceiveGI: 1
  m_PreserveUVs: 0
  m_IgnoreNormalsForChartDetection: 0
  m_ImportantGI: 0
  m_StitchLightmapSeams: 1
  m_SelectedEditorRenderState: 3
  m_MinimumChartSize: 4
  m_AutoUVMaxDistance: 0.5
  m_AutoUVMaxAngle: 89
  m_LightmapParameters: {fileID: 0}
  m_SortingLayerID: 0
  m_SortingLayer: 0
  m_SortingOrder: 0
  m_AdditionalVertexStreams: {fileID: 0}
--- !u!1 &5516952393060943288
GameObject:
  m_ObjectHideFlags: 0
  m_CorrespondingSourceObject: {fileID: 0}
  m_PrefabInstance: {fileID: 0}
  m_PrefabAsset: {fileID: 0}
  serializedVersion: 6
  m_Component:
  - component: {fileID: 1950881656176471504}
  - component: {fileID: 2363836916902217373}
  - component: {fileID: 8438604595398071935}
  m_Layer: 0
  m_Name: Bread_board_small_shadow
  m_TagString: Untagged
  m_Icon: {fileID: 0}
  m_NavMeshLayer: 0
  m_StaticEditorFlags: 0
  m_IsActive: 1
--- !u!4 &1950881656176471504
Transform:
  m_ObjectHideFlags: 0
  m_CorrespondingSourceObject: {fileID: 0}
  m_PrefabInstance: {fileID: 0}
  m_PrefabAsset: {fileID: 0}
  m_GameObject: {fileID: 5516952393060943288}
  m_LocalRotation: {x: 0, y: -0, z: -0, w: 1}
  m_LocalPosition: {x: -0, y: 0.0019, z: 0}
  m_LocalScale: {x: 14.142089, y: 8.023172, z: 11.666279}
  m_Children: []
  m_Father: {fileID: 2366904553390703047}
  m_RootOrder: 1
  m_LocalEulerAnglesHint: {x: 0, y: 0, z: 0}
--- !u!33 &2363836916902217373
MeshFilter:
  m_ObjectHideFlags: 0
  m_CorrespondingSourceObject: {fileID: 0}
  m_PrefabInstance: {fileID: 0}
  m_PrefabAsset: {fileID: 0}
  m_GameObject: {fileID: 5516952393060943288}
  m_Mesh: {fileID: -6927130826872163125, guid: 87c883dd6bfeba74e847109e8955e26c, type: 3}
--- !u!23 &8438604595398071935
MeshRenderer:
  m_ObjectHideFlags: 0
  m_CorrespondingSourceObject: {fileID: 0}
  m_PrefabInstance: {fileID: 0}
  m_PrefabAsset: {fileID: 0}
  m_GameObject: {fileID: 5516952393060943288}
  m_Enabled: 1
  m_CastShadows: 1
  m_ReceiveShadows: 1
  m_DynamicOccludee: 1
  m_MotionVectors: 1
  m_LightProbeUsage: 1
  m_ReflectionProbeUsage: 1
  m_RayTracingMode: 2
  m_RayTraceProcedural: 0
  m_RenderingLayerMask: 1
  m_RendererPriority: 0
  m_Materials:
  - {fileID: 2100000, guid: ada4137d2ce6ba94fa890349b793e605, type: 2}
  m_StaticBatchInfo:
    firstSubMesh: 0
    subMeshCount: 0
  m_StaticBatchRoot: {fileID: 0}
  m_ProbeAnchor: {fileID: 0}
  m_LightProbeVolumeOverride: {fileID: 0}
  m_ScaleInLightmap: 1
  m_ReceiveGI: 1
  m_PreserveUVs: 0
  m_IgnoreNormalsForChartDetection: 0
  m_ImportantGI: 0
  m_StitchLightmapSeams: 1
  m_SelectedEditorRenderState: 3
  m_MinimumChartSize: 4
  m_AutoUVMaxDistance: 0.5
  m_AutoUVMaxAngle: 89
  m_LightmapParameters: {fileID: 0}
  m_SortingLayerID: 0
  m_SortingLayer: 0
  m_SortingOrder: 0
  m_AdditionalVertexStreams: {fileID: 0}
--- !u!1001 &823560545
PrefabInstance:
  m_ObjectHideFlags: 0
  serializedVersion: 2
  m_Modification:
    m_TransformParent: {fileID: 632094539}
    m_Modifications:
    - target: {fileID: 4320711089830068821, guid: f68516ad90060cc4cbd1411a5329ecdd, type: 3}
      propertyPath: m_UseWorldSpace
      value: 1
      objectReference: {fileID: 0}
    - target: {fileID: 4320711089830068821, guid: f68516ad90060cc4cbd1411a5329ecdd, type: 3}
      propertyPath: m_Parameters.colorGradient.ctime0
      value: 32768
      objectReference: {fileID: 0}
    - target: {fileID: 4320711089830068821, guid: f68516ad90060cc4cbd1411a5329ecdd, type: 3}
      propertyPath: m_Parameters.colorGradient.key0.b
      value: 0.01886791
      objectReference: {fileID: 0}
    - target: {fileID: 4320711089830068821, guid: f68516ad90060cc4cbd1411a5329ecdd, type: 3}
      propertyPath: m_Parameters.colorGradient.key0.g
      value: 0.01886791
      objectReference: {fileID: 0}
    - target: {fileID: 4320711089830068821, guid: f68516ad90060cc4cbd1411a5329ecdd, type: 3}
      propertyPath: m_Parameters.colorGradient.key0.r
      value: 0.01886791
      objectReference: {fileID: 0}
    - target: {fileID: 4320711089830068821, guid: f68516ad90060cc4cbd1411a5329ecdd, type: 3}
      propertyPath: m_Parameters.colorGradient.m_Mode
      value: 0
      objectReference: {fileID: 0}
    - target: {fileID: 4320711089830068821, guid: f68516ad90060cc4cbd1411a5329ecdd, type: 3}
      propertyPath: m_Parameters.widthCurve.m_Curve.Array.data[0].time
      value: 0
      objectReference: {fileID: 0}
    - target: {fileID: 4320711089830068821, guid: f68516ad90060cc4cbd1411a5329ecdd, type: 3}
      propertyPath: m_Parameters.widthCurve.m_Curve.Array.data[0].value
      value: 0.09260693
      objectReference: {fileID: 0}
    - target: {fileID: 4320711089866952121, guid: f68516ad90060cc4cbd1411a5329ecdd, type: 3}
      propertyPath: m_Name
      value: 'Annotation '
      objectReference: {fileID: 0}
    - target: {fileID: 4320711089903174712, guid: f68516ad90060cc4cbd1411a5329ecdd, type: 3}
      propertyPath: m_RootOrder
      value: 3
      objectReference: {fileID: 0}
    - target: {fileID: 4320711089903174712, guid: f68516ad90060cc4cbd1411a5329ecdd, type: 3}
      propertyPath: m_LocalScale.x
      value: 0.25
      objectReference: {fileID: 0}
    - target: {fileID: 4320711089903174712, guid: f68516ad90060cc4cbd1411a5329ecdd, type: 3}
      propertyPath: m_LocalScale.y
      value: 0.25000003
      objectReference: {fileID: 0}
    - target: {fileID: 4320711089903174712, guid: f68516ad90060cc4cbd1411a5329ecdd, type: 3}
      propertyPath: m_LocalScale.z
      value: 0.25000003
      objectReference: {fileID: 0}
    - target: {fileID: 4320711089903174712, guid: f68516ad90060cc4cbd1411a5329ecdd, type: 3}
      propertyPath: m_LocalPosition.x
      value: -0.026041029
      objectReference: {fileID: 0}
    - target: {fileID: 4320711089903174712, guid: f68516ad90060cc4cbd1411a5329ecdd, type: 3}
      propertyPath: m_LocalPosition.y
      value: 0.05505228
      objectReference: {fileID: 0}
    - target: {fileID: 4320711089903174712, guid: f68516ad90060cc4cbd1411a5329ecdd, type: 3}
      propertyPath: m_LocalPosition.z
      value: 0.3107077
      objectReference: {fileID: 0}
    - target: {fileID: 4320711089903174712, guid: f68516ad90060cc4cbd1411a5329ecdd, type: 3}
      propertyPath: m_LocalRotation.w
      value: 1
      objectReference: {fileID: 0}
    - target: {fileID: 4320711089903174712, guid: f68516ad90060cc4cbd1411a5329ecdd, type: 3}
      propertyPath: m_LocalRotation.x
      value: -0
      objectReference: {fileID: 0}
    - target: {fileID: 4320711089903174712, guid: f68516ad90060cc4cbd1411a5329ecdd, type: 3}
      propertyPath: m_LocalRotation.y
      value: -0
      objectReference: {fileID: 0}
    - target: {fileID: 4320711089903174712, guid: f68516ad90060cc4cbd1411a5329ecdd, type: 3}
      propertyPath: m_LocalRotation.z
      value: -0
      objectReference: {fileID: 0}
    - target: {fileID: 4320711089903174712, guid: f68516ad90060cc4cbd1411a5329ecdd, type: 3}
      propertyPath: m_LocalEulerAnglesHint.x
      value: 0
      objectReference: {fileID: 0}
    - target: {fileID: 4320711089903174712, guid: f68516ad90060cc4cbd1411a5329ecdd, type: 3}
      propertyPath: m_LocalEulerAnglesHint.y
      value: 0
      objectReference: {fileID: 0}
    - target: {fileID: 4320711089903174712, guid: f68516ad90060cc4cbd1411a5329ecdd, type: 3}
      propertyPath: m_LocalEulerAnglesHint.z
      value: 0
      objectReference: {fileID: 0}
    - target: {fileID: 4320711089903174719, guid: f68516ad90060cc4cbd1411a5329ecdd, type: 3}
      propertyPath: m_Name
      value: Power Rails (1)
      objectReference: {fileID: 0}
    - target: {fileID: 4320711089924688548, guid: f68516ad90060cc4cbd1411a5329ecdd, type: 3}
      propertyPath: m_LocalPosition.x
      value: -16.1728
      objectReference: {fileID: 0}
    - target: {fileID: 4320711089924688548, guid: f68516ad90060cc4cbd1411a5329ecdd, type: 3}
      propertyPath: m_LocalPosition.y
      value: -5.2573
      objectReference: {fileID: 0}
    - target: {fileID: 4320711089924688548, guid: f68516ad90060cc4cbd1411a5329ecdd, type: 3}
      propertyPath: m_LocalPosition.z
      value: 4.9748
      objectReference: {fileID: 0}
    - target: {fileID: 4320711090797480086, guid: f68516ad90060cc4cbd1411a5329ecdd, type: 3}
      propertyPath: m_LocalScale.x
      value: 0.002
      objectReference: {fileID: 0}
    - target: {fileID: 4320711090797480086, guid: f68516ad90060cc4cbd1411a5329ecdd, type: 3}
      propertyPath: m_LocalScale.y
      value: 0.002
      objectReference: {fileID: 0}
    - target: {fileID: 4320711090797480086, guid: f68516ad90060cc4cbd1411a5329ecdd, type: 3}
      propertyPath: m_LocalScale.z
      value: 0.002
      objectReference: {fileID: 0}
    - target: {fileID: 4320711090797480086, guid: f68516ad90060cc4cbd1411a5329ecdd, type: 3}
      propertyPath: m_LocalPosition.z
      value: 4.878
      objectReference: {fileID: 0}
    - target: {fileID: 4320711090797480086, guid: f68516ad90060cc4cbd1411a5329ecdd, type: 3}
      propertyPath: m_LocalRotation.w
      value: 0.7071068
      objectReference: {fileID: 0}
    - target: {fileID: 4320711090797480086, guid: f68516ad90060cc4cbd1411a5329ecdd, type: 3}
      propertyPath: m_LocalRotation.x
      value: 0.7071068
      objectReference: {fileID: 0}
    - target: {fileID: 4320711090797480086, guid: f68516ad90060cc4cbd1411a5329ecdd, type: 3}
      propertyPath: m_LocalRotation.y
      value: 0
      objectReference: {fileID: 0}
    - target: {fileID: 4320711090797480086, guid: f68516ad90060cc4cbd1411a5329ecdd, type: 3}
      propertyPath: m_LocalRotation.z
      value: 0
      objectReference: {fileID: 0}
    - target: {fileID: 4320711090797480086, guid: f68516ad90060cc4cbd1411a5329ecdd, type: 3}
      propertyPath: m_AnchoredPosition.x
      value: -16.01
      objectReference: {fileID: 0}
    - target: {fileID: 4320711090797480086, guid: f68516ad90060cc4cbd1411a5329ecdd, type: 3}
      propertyPath: m_AnchoredPosition.y
      value: -5.257
      objectReference: {fileID: 0}
    - target: {fileID: 4320711090797480086, guid: f68516ad90060cc4cbd1411a5329ecdd, type: 3}
      propertyPath: m_LocalEulerAnglesHint.x
      value: 90
      objectReference: {fileID: 0}
    - target: {fileID: 4320711090797480086, guid: f68516ad90060cc4cbd1411a5329ecdd, type: 3}
      propertyPath: m_LocalEulerAnglesHint.y
      value: 0
      objectReference: {fileID: 0}
    - target: {fileID: 4320711090797480086, guid: f68516ad90060cc4cbd1411a5329ecdd, type: 3}
      propertyPath: m_LocalEulerAnglesHint.z
      value: 0
      objectReference: {fileID: 0}
    - target: {fileID: 4320711090890752722, guid: f68516ad90060cc4cbd1411a5329ecdd, type: 3}
      propertyPath: m_LocalPosition.x
      value: -4
      objectReference: {fileID: 0}
    - target: {fileID: 4320711090890752722, guid: f68516ad90060cc4cbd1411a5329ecdd, type: 3}
      propertyPath: m_LocalPosition.y
      value: 16.2
      objectReference: {fileID: 0}
    - target: {fileID: 4320711091083572766, guid: f68516ad90060cc4cbd1411a5329ecdd, type: 3}
      propertyPath: m_text
      value: Power Rails
      objectReference: {fileID: 0}
    - target: {fileID: 4320711091083572766, guid: f68516ad90060cc4cbd1411a5329ecdd, type: 3}
      propertyPath: m_fontColor.b
      value: 1
      objectReference: {fileID: 0}
    - target: {fileID: 4320711091083572766, guid: f68516ad90060cc4cbd1411a5329ecdd, type: 3}
      propertyPath: m_fontColor.g
      value: 1
      objectReference: {fileID: 0}
    - target: {fileID: 4320711091083572766, guid: f68516ad90060cc4cbd1411a5329ecdd, type: 3}
      propertyPath: m_fontColor.r
      value: 1
      objectReference: {fileID: 0}
    - target: {fileID: 4320711091083572766, guid: f68516ad90060cc4cbd1411a5329ecdd, type: 3}
      propertyPath: m_fontColor32.rgba
      value: 4294967295
      objectReference: {fileID: 0}
    - target: {fileID: 4320711091083572766, guid: f68516ad90060cc4cbd1411a5329ecdd, type: 3}
      propertyPath: m_hasFontAssetChanged
      value: 1
      objectReference: {fileID: 0}
    - target: {fileID: 4320711091302028497, guid: f68516ad90060cc4cbd1411a5329ecdd, type: 3}
      propertyPath: m_SizeDelta.x
      value: 90
      objectReference: {fileID: 0}
    - target: {fileID: 4320711091302028497, guid: f68516ad90060cc4cbd1411a5329ecdd, type: 3}
      propertyPath: m_SizeDelta.y
      value: 35
      objectReference: {fileID: 0}
    - target: {fileID: 4320711091302028498, guid: f68516ad90060cc4cbd1411a5329ecdd, type: 3}
      propertyPath: m_Type
      value: 0
      objectReference: {fileID: 0}
    - target: {fileID: 4320711091302028498, guid: f68516ad90060cc4cbd1411a5329ecdd, type: 3}
      propertyPath: m_Sprite
      value: 
      objectReference: {fileID: 21300000, guid: f11c40d2fc935594eb72feefcff3c782, type: 3}
    m_RemovedComponents: []
  m_SourcePrefab: {fileID: 100100000, guid: f68516ad90060cc4cbd1411a5329ecdd, type: 3}
--- !u!4 &4320711090189339993 stripped
Transform:
  m_CorrespondingSourceObject: {fileID: 4320711089903174712, guid: f68516ad90060cc4cbd1411a5329ecdd, type: 3}
  m_PrefabInstance: {fileID: 823560545}
  m_PrefabAsset: {fileID: 0}
--- !u!1001 &1614135972
PrefabInstance:
  m_ObjectHideFlags: 0
  serializedVersion: 2
  m_Modification:
    m_TransformParent: {fileID: 632094539}
    m_Modifications:
    - target: {fileID: 4320711089830068821, guid: f68516ad90060cc4cbd1411a5329ecdd, type: 3}
      propertyPath: m_UseWorldSpace
      value: 1
      objectReference: {fileID: 0}
    - target: {fileID: 4320711089830068821, guid: f68516ad90060cc4cbd1411a5329ecdd, type: 3}
      propertyPath: m_Parameters.colorGradient.ctime0
      value: 32768
      objectReference: {fileID: 0}
    - target: {fileID: 4320711089830068821, guid: f68516ad90060cc4cbd1411a5329ecdd, type: 3}
      propertyPath: m_Parameters.colorGradient.key0.b
      value: 0.01886791
      objectReference: {fileID: 0}
    - target: {fileID: 4320711089830068821, guid: f68516ad90060cc4cbd1411a5329ecdd, type: 3}
      propertyPath: m_Parameters.colorGradient.key0.g
      value: 0.01886791
      objectReference: {fileID: 0}
    - target: {fileID: 4320711089830068821, guid: f68516ad90060cc4cbd1411a5329ecdd, type: 3}
      propertyPath: m_Parameters.colorGradient.key0.r
      value: 0.01886791
      objectReference: {fileID: 0}
    - target: {fileID: 4320711089830068821, guid: f68516ad90060cc4cbd1411a5329ecdd, type: 3}
      propertyPath: m_Parameters.colorGradient.m_Mode
      value: 0
      objectReference: {fileID: 0}
    - target: {fileID: 4320711089830068821, guid: f68516ad90060cc4cbd1411a5329ecdd, type: 3}
      propertyPath: m_Parameters.widthCurve.m_Curve.Array.data[0].time
      value: 0
      objectReference: {fileID: 0}
    - target: {fileID: 4320711089830068821, guid: f68516ad90060cc4cbd1411a5329ecdd, type: 3}
      propertyPath: m_Parameters.widthCurve.m_Curve.Array.data[0].value
      value: 0.09260693
      objectReference: {fileID: 0}
    - target: {fileID: 4320711089866952121, guid: f68516ad90060cc4cbd1411a5329ecdd, type: 3}
      propertyPath: m_Name
      value: 'Annotation '
      objectReference: {fileID: 0}
    - target: {fileID: 4320711089903174712, guid: f68516ad90060cc4cbd1411a5329ecdd, type: 3}
      propertyPath: m_RootOrder
      value: 2
      objectReference: {fileID: 0}
    - target: {fileID: 4320711089903174712, guid: f68516ad90060cc4cbd1411a5329ecdd, type: 3}
      propertyPath: m_LocalScale.x
      value: 0.25
      objectReference: {fileID: 0}
    - target: {fileID: 4320711089903174712, guid: f68516ad90060cc4cbd1411a5329ecdd, type: 3}
      propertyPath: m_LocalScale.y
      value: 0.25000003
      objectReference: {fileID: 0}
    - target: {fileID: 4320711089903174712, guid: f68516ad90060cc4cbd1411a5329ecdd, type: 3}
      propertyPath: m_LocalScale.z
      value: 0.25000003
      objectReference: {fileID: 0}
    - target: {fileID: 4320711089903174712, guid: f68516ad90060cc4cbd1411a5329ecdd, type: 3}
      propertyPath: m_LocalPosition.x
      value: -0.026041029
      objectReference: {fileID: 0}
    - target: {fileID: 4320711089903174712, guid: f68516ad90060cc4cbd1411a5329ecdd, type: 3}
      propertyPath: m_LocalPosition.y
      value: 0.05505228
      objectReference: {fileID: 0}
    - target: {fileID: 4320711089903174712, guid: f68516ad90060cc4cbd1411a5329ecdd, type: 3}
      propertyPath: m_LocalPosition.z
      value: 0.3107077
      objectReference: {fileID: 0}
    - target: {fileID: 4320711089903174712, guid: f68516ad90060cc4cbd1411a5329ecdd, type: 3}
      propertyPath: m_LocalRotation.w
      value: 1
      objectReference: {fileID: 0}
    - target: {fileID: 4320711089903174712, guid: f68516ad90060cc4cbd1411a5329ecdd, type: 3}
      propertyPath: m_LocalRotation.x
      value: -0
      objectReference: {fileID: 0}
    - target: {fileID: 4320711089903174712, guid: f68516ad90060cc4cbd1411a5329ecdd, type: 3}
      propertyPath: m_LocalRotation.y
      value: -0
      objectReference: {fileID: 0}
    - target: {fileID: 4320711089903174712, guid: f68516ad90060cc4cbd1411a5329ecdd, type: 3}
      propertyPath: m_LocalRotation.z
      value: -0
      objectReference: {fileID: 0}
    - target: {fileID: 4320711089903174712, guid: f68516ad90060cc4cbd1411a5329ecdd, type: 3}
      propertyPath: m_LocalEulerAnglesHint.x
      value: 0
      objectReference: {fileID: 0}
    - target: {fileID: 4320711089903174712, guid: f68516ad90060cc4cbd1411a5329ecdd, type: 3}
      propertyPath: m_LocalEulerAnglesHint.y
      value: 0
      objectReference: {fileID: 0}
    - target: {fileID: 4320711089903174712, guid: f68516ad90060cc4cbd1411a5329ecdd, type: 3}
      propertyPath: m_LocalEulerAnglesHint.z
      value: 0
      objectReference: {fileID: 0}
    - target: {fileID: 4320711089903174719, guid: f68516ad90060cc4cbd1411a5329ecdd, type: 3}
      propertyPath: m_Name
      value: Power Rails
      objectReference: {fileID: 0}
    - target: {fileID: 4320711089924688548, guid: f68516ad90060cc4cbd1411a5329ecdd, type: 3}
      propertyPath: m_LocalPosition.x
      value: -16.1728
      objectReference: {fileID: 0}
    - target: {fileID: 4320711089924688548, guid: f68516ad90060cc4cbd1411a5329ecdd, type: 3}
      propertyPath: m_LocalPosition.y
      value: -5.2573
      objectReference: {fileID: 0}
    - target: {fileID: 4320711089924688548, guid: f68516ad90060cc4cbd1411a5329ecdd, type: 3}
      propertyPath: m_LocalPosition.z
      value: 5.0025
      objectReference: {fileID: 0}
    - target: {fileID: 4320711090797480086, guid: f68516ad90060cc4cbd1411a5329ecdd, type: 3}
      propertyPath: m_LocalScale.x
      value: 0.002
      objectReference: {fileID: 0}
    - target: {fileID: 4320711090797480086, guid: f68516ad90060cc4cbd1411a5329ecdd, type: 3}
      propertyPath: m_LocalScale.y
      value: 0.002
      objectReference: {fileID: 0}
    - target: {fileID: 4320711090797480086, guid: f68516ad90060cc4cbd1411a5329ecdd, type: 3}
      propertyPath: m_LocalScale.z
      value: 0.002
      objectReference: {fileID: 0}
    - target: {fileID: 4320711090797480086, guid: f68516ad90060cc4cbd1411a5329ecdd, type: 3}
      propertyPath: m_LocalPosition.z
      value: 4.878
      objectReference: {fileID: 0}
    - target: {fileID: 4320711090797480086, guid: f68516ad90060cc4cbd1411a5329ecdd, type: 3}
      propertyPath: m_LocalRotation.w
      value: 0.7071068
      objectReference: {fileID: 0}
    - target: {fileID: 4320711090797480086, guid: f68516ad90060cc4cbd1411a5329ecdd, type: 3}
      propertyPath: m_LocalRotation.x
      value: 0.7071068
      objectReference: {fileID: 0}
    - target: {fileID: 4320711090797480086, guid: f68516ad90060cc4cbd1411a5329ecdd, type: 3}
      propertyPath: m_LocalRotation.y
      value: 0
      objectReference: {fileID: 0}
    - target: {fileID: 4320711090797480086, guid: f68516ad90060cc4cbd1411a5329ecdd, type: 3}
      propertyPath: m_LocalRotation.z
      value: 0
      objectReference: {fileID: 0}
    - target: {fileID: 4320711090797480086, guid: f68516ad90060cc4cbd1411a5329ecdd, type: 3}
      propertyPath: m_AnchoredPosition.x
      value: -16.01
      objectReference: {fileID: 0}
    - target: {fileID: 4320711090797480086, guid: f68516ad90060cc4cbd1411a5329ecdd, type: 3}
      propertyPath: m_AnchoredPosition.y
      value: -5.257
      objectReference: {fileID: 0}
    - target: {fileID: 4320711090797480086, guid: f68516ad90060cc4cbd1411a5329ecdd, type: 3}
      propertyPath: m_LocalEulerAnglesHint.x
      value: 90
      objectReference: {fileID: 0}
    - target: {fileID: 4320711090797480086, guid: f68516ad90060cc4cbd1411a5329ecdd, type: 3}
      propertyPath: m_LocalEulerAnglesHint.y
      value: 0
      objectReference: {fileID: 0}
    - target: {fileID: 4320711090797480086, guid: f68516ad90060cc4cbd1411a5329ecdd, type: 3}
      propertyPath: m_LocalEulerAnglesHint.z
      value: 0
      objectReference: {fileID: 0}
    - target: {fileID: 4320711090890752722, guid: f68516ad90060cc4cbd1411a5329ecdd, type: 3}
      propertyPath: m_LocalPosition.x
      value: -5.3
      objectReference: {fileID: 0}
    - target: {fileID: 4320711090890752722, guid: f68516ad90060cc4cbd1411a5329ecdd, type: 3}
      propertyPath: m_LocalPosition.y
      value: 16.5
      objectReference: {fileID: 0}
    - target: {fileID: 4320711091083572766, guid: f68516ad90060cc4cbd1411a5329ecdd, type: 3}
      propertyPath: m_text
      value: Power Rails
      objectReference: {fileID: 0}
    - target: {fileID: 4320711091083572766, guid: f68516ad90060cc4cbd1411a5329ecdd, type: 3}
      propertyPath: m_fontColor.b
      value: 1
      objectReference: {fileID: 0}
    - target: {fileID: 4320711091083572766, guid: f68516ad90060cc4cbd1411a5329ecdd, type: 3}
      propertyPath: m_fontColor.g
      value: 1
      objectReference: {fileID: 0}
    - target: {fileID: 4320711091083572766, guid: f68516ad90060cc4cbd1411a5329ecdd, type: 3}
      propertyPath: m_fontColor.r
      value: 1
      objectReference: {fileID: 0}
    - target: {fileID: 4320711091083572766, guid: f68516ad90060cc4cbd1411a5329ecdd, type: 3}
      propertyPath: m_fontColor32.rgba
      value: 4294967295
      objectReference: {fileID: 0}
    - target: {fileID: 4320711091083572766, guid: f68516ad90060cc4cbd1411a5329ecdd, type: 3}
      propertyPath: m_hasFontAssetChanged
      value: 1
      objectReference: {fileID: 0}
    - target: {fileID: 4320711091302028496, guid: f68516ad90060cc4cbd1411a5329ecdd, type: 3}
      propertyPath: m_IsActive
      value: 0
      objectReference: {fileID: 0}
    - target: {fileID: 4320711091302028498, guid: f68516ad90060cc4cbd1411a5329ecdd, type: 3}
      propertyPath: m_Type
      value: 0
      objectReference: {fileID: 0}
    - target: {fileID: 4320711091302028498, guid: f68516ad90060cc4cbd1411a5329ecdd, type: 3}
      propertyPath: m_Sprite
      value: 
      objectReference: {fileID: 21300000, guid: f11c40d2fc935594eb72feefcff3c782, type: 3}
    m_RemovedComponents: []
  m_SourcePrefab: {fileID: 100100000, guid: f68516ad90060cc4cbd1411a5329ecdd, type: 3}
--- !u!4 &4320711091516655260 stripped
Transform:
  m_CorrespondingSourceObject: {fileID: 4320711089903174712, guid: f68516ad90060cc4cbd1411a5329ecdd, type: 3}
  m_PrefabInstance: {fileID: 1614135972}
  m_PrefabAsset: {fileID: 0}
--- !u!1001 &1860151451
PrefabInstance:
  m_ObjectHideFlags: 0
  serializedVersion: 2
  m_Modification:
    m_TransformParent: {fileID: 632094539}
    m_Modifications:
    - target: {fileID: 4320711089830068821, guid: f68516ad90060cc4cbd1411a5329ecdd, type: 3}
      propertyPath: m_UseWorldSpace
      value: 1
      objectReference: {fileID: 0}
    - target: {fileID: 4320711089830068821, guid: f68516ad90060cc4cbd1411a5329ecdd, type: 3}
      propertyPath: m_Parameters.colorGradient.ctime0
      value: 32768
      objectReference: {fileID: 0}
    - target: {fileID: 4320711089830068821, guid: f68516ad90060cc4cbd1411a5329ecdd, type: 3}
      propertyPath: m_Parameters.colorGradient.key0.b
      value: 0.01886791
      objectReference: {fileID: 0}
    - target: {fileID: 4320711089830068821, guid: f68516ad90060cc4cbd1411a5329ecdd, type: 3}
      propertyPath: m_Parameters.colorGradient.key0.g
      value: 0.01886791
      objectReference: {fileID: 0}
    - target: {fileID: 4320711089830068821, guid: f68516ad90060cc4cbd1411a5329ecdd, type: 3}
      propertyPath: m_Parameters.colorGradient.key0.r
      value: 0.01886791
      objectReference: {fileID: 0}
    - target: {fileID: 4320711089830068821, guid: f68516ad90060cc4cbd1411a5329ecdd, type: 3}
      propertyPath: m_Parameters.colorGradient.m_Mode
      value: 0
      objectReference: {fileID: 0}
    - target: {fileID: 4320711089830068821, guid: f68516ad90060cc4cbd1411a5329ecdd, type: 3}
      propertyPath: m_Parameters.widthCurve.m_Curve.Array.data[0].time
      value: 0
      objectReference: {fileID: 0}
    - target: {fileID: 4320711089830068821, guid: f68516ad90060cc4cbd1411a5329ecdd, type: 3}
      propertyPath: m_Parameters.widthCurve.m_Curve.Array.data[0].value
      value: 0.09260693
      objectReference: {fileID: 0}
    - target: {fileID: 4320711089866952121, guid: f68516ad90060cc4cbd1411a5329ecdd, type: 3}
      propertyPath: m_Name
      value: 'Annotation '
      objectReference: {fileID: 0}
    - target: {fileID: 4320711089903174712, guid: f68516ad90060cc4cbd1411a5329ecdd, type: 3}
      propertyPath: m_RootOrder
      value: 0
      objectReference: {fileID: 0}
    - target: {fileID: 4320711089903174712, guid: f68516ad90060cc4cbd1411a5329ecdd, type: 3}
      propertyPath: m_LocalScale.x
      value: 0.25
      objectReference: {fileID: 0}
    - target: {fileID: 4320711089903174712, guid: f68516ad90060cc4cbd1411a5329ecdd, type: 3}
      propertyPath: m_LocalScale.y
      value: 0.25000003
      objectReference: {fileID: 0}
    - target: {fileID: 4320711089903174712, guid: f68516ad90060cc4cbd1411a5329ecdd, type: 3}
      propertyPath: m_LocalScale.z
      value: 0.25000003
      objectReference: {fileID: 0}
    - target: {fileID: 4320711089903174712, guid: f68516ad90060cc4cbd1411a5329ecdd, type: 3}
      propertyPath: m_LocalPosition.x
      value: -0.026041029
      objectReference: {fileID: 0}
    - target: {fileID: 4320711089903174712, guid: f68516ad90060cc4cbd1411a5329ecdd, type: 3}
      propertyPath: m_LocalPosition.y
      value: 0.05505228
      objectReference: {fileID: 0}
    - target: {fileID: 4320711089903174712, guid: f68516ad90060cc4cbd1411a5329ecdd, type: 3}
      propertyPath: m_LocalPosition.z
      value: 0.3107077
      objectReference: {fileID: 0}
    - target: {fileID: 4320711089903174712, guid: f68516ad90060cc4cbd1411a5329ecdd, type: 3}
      propertyPath: m_LocalRotation.w
      value: 1
      objectReference: {fileID: 0}
    - target: {fileID: 4320711089903174712, guid: f68516ad90060cc4cbd1411a5329ecdd, type: 3}
      propertyPath: m_LocalRotation.x
      value: -0
      objectReference: {fileID: 0}
    - target: {fileID: 4320711089903174712, guid: f68516ad90060cc4cbd1411a5329ecdd, type: 3}
      propertyPath: m_LocalRotation.y
      value: -0
      objectReference: {fileID: 0}
    - target: {fileID: 4320711089903174712, guid: f68516ad90060cc4cbd1411a5329ecdd, type: 3}
      propertyPath: m_LocalRotation.z
      value: -0
      objectReference: {fileID: 0}
    - target: {fileID: 4320711089903174712, guid: f68516ad90060cc4cbd1411a5329ecdd, type: 3}
      propertyPath: m_LocalEulerAnglesHint.x
      value: 0
      objectReference: {fileID: 0}
    - target: {fileID: 4320711089903174712, guid: f68516ad90060cc4cbd1411a5329ecdd, type: 3}
      propertyPath: m_LocalEulerAnglesHint.y
      value: 0
      objectReference: {fileID: 0}
    - target: {fileID: 4320711089903174712, guid: f68516ad90060cc4cbd1411a5329ecdd, type: 3}
      propertyPath: m_LocalEulerAnglesHint.z
      value: 0
      objectReference: {fileID: 0}
    - target: {fileID: 4320711089903174719, guid: f68516ad90060cc4cbd1411a5329ecdd, type: 3}
      propertyPath: m_Name
      value: DIP Support
      objectReference: {fileID: 0}
    - target: {fileID: 4320711089924688548, guid: f68516ad90060cc4cbd1411a5329ecdd, type: 3}
      propertyPath: m_LocalPosition.x
      value: -16.1633
      objectReference: {fileID: 0}
    - target: {fileID: 4320711089924688548, guid: f68516ad90060cc4cbd1411a5329ecdd, type: 3}
      propertyPath: m_LocalPosition.y
      value: -5.262
      objectReference: {fileID: 0}
    - target: {fileID: 4320711089924688548, guid: f68516ad90060cc4cbd1411a5329ecdd, type: 3}
      propertyPath: m_LocalPosition.z
      value: 5.0815
      objectReference: {fileID: 0}
    - target: {fileID: 4320711090797480086, guid: f68516ad90060cc4cbd1411a5329ecdd, type: 3}
      propertyPath: m_LocalScale.x
      value: 0.002
      objectReference: {fileID: 0}
    - target: {fileID: 4320711090797480086, guid: f68516ad90060cc4cbd1411a5329ecdd, type: 3}
      propertyPath: m_LocalScale.y
      value: 0.002
      objectReference: {fileID: 0}
    - target: {fileID: 4320711090797480086, guid: f68516ad90060cc4cbd1411a5329ecdd, type: 3}
      propertyPath: m_LocalScale.z
      value: 0.002
      objectReference: {fileID: 0}
    - target: {fileID: 4320711090797480086, guid: f68516ad90060cc4cbd1411a5329ecdd, type: 3}
      propertyPath: m_LocalPosition.z
      value: 5.242
      objectReference: {fileID: 0}
    - target: {fileID: 4320711090797480086, guid: f68516ad90060cc4cbd1411a5329ecdd, type: 3}
      propertyPath: m_LocalRotation.w
      value: 0.7071068
      objectReference: {fileID: 0}
    - target: {fileID: 4320711090797480086, guid: f68516ad90060cc4cbd1411a5329ecdd, type: 3}
      propertyPath: m_LocalRotation.x
      value: 0.7071068
      objectReference: {fileID: 0}
    - target: {fileID: 4320711090797480086, guid: f68516ad90060cc4cbd1411a5329ecdd, type: 3}
      propertyPath: m_LocalRotation.y
      value: 0
      objectReference: {fileID: 0}
    - target: {fileID: 4320711090797480086, guid: f68516ad90060cc4cbd1411a5329ecdd, type: 3}
      propertyPath: m_LocalRotation.z
      value: 0
      objectReference: {fileID: 0}
    - target: {fileID: 4320711090797480086, guid: f68516ad90060cc4cbd1411a5329ecdd, type: 3}
      propertyPath: m_AnchoredPosition.x
      value: -15.978
      objectReference: {fileID: 0}
    - target: {fileID: 4320711090797480086, guid: f68516ad90060cc4cbd1411a5329ecdd, type: 3}
      propertyPath: m_AnchoredPosition.y
      value: -5.262
      objectReference: {fileID: 0}
    - target: {fileID: 4320711090797480086, guid: f68516ad90060cc4cbd1411a5329ecdd, type: 3}
      propertyPath: m_LocalEulerAnglesHint.x
      value: 90
      objectReference: {fileID: 0}
    - target: {fileID: 4320711090797480086, guid: f68516ad90060cc4cbd1411a5329ecdd, type: 3}
      propertyPath: m_LocalEulerAnglesHint.y
      value: 0
      objectReference: {fileID: 0}
    - target: {fileID: 4320711090797480086, guid: f68516ad90060cc4cbd1411a5329ecdd, type: 3}
      propertyPath: m_LocalEulerAnglesHint.z
      value: 0
      objectReference: {fileID: 0}
    - target: {fileID: 4320711090890752722, guid: f68516ad90060cc4cbd1411a5329ecdd, type: 3}
      propertyPath: m_LocalPosition.x
      value: -4.5
      objectReference: {fileID: 0}
    - target: {fileID: 4320711090890752722, guid: f68516ad90060cc4cbd1411a5329ecdd, type: 3}
      propertyPath: m_LocalPosition.y
      value: -15.2
      objectReference: {fileID: 0}
    - target: {fileID: 4320711091083572766, guid: f68516ad90060cc4cbd1411a5329ecdd, type: 3}
      propertyPath: m_text
      value: DIP Support
      objectReference: {fileID: 0}
    - target: {fileID: 4320711091083572766, guid: f68516ad90060cc4cbd1411a5329ecdd, type: 3}
      propertyPath: m_fontColor.b
      value: 1
      objectReference: {fileID: 0}
    - target: {fileID: 4320711091083572766, guid: f68516ad90060cc4cbd1411a5329ecdd, type: 3}
      propertyPath: m_fontColor.g
      value: 1
      objectReference: {fileID: 0}
    - target: {fileID: 4320711091083572766, guid: f68516ad90060cc4cbd1411a5329ecdd, type: 3}
      propertyPath: m_fontColor.r
      value: 1
      objectReference: {fileID: 0}
    - target: {fileID: 4320711091083572766, guid: f68516ad90060cc4cbd1411a5329ecdd, type: 3}
      propertyPath: m_fontColor32.rgba
      value: 4294967295
      objectReference: {fileID: 0}
    - target: {fileID: 4320711091083572766, guid: f68516ad90060cc4cbd1411a5329ecdd, type: 3}
      propertyPath: m_hasFontAssetChanged
      value: 1
      objectReference: {fileID: 0}
    - target: {fileID: 4320711091302028497, guid: f68516ad90060cc4cbd1411a5329ecdd, type: 3}
      propertyPath: m_SizeDelta.x
      value: 90
      objectReference: {fileID: 0}
    - target: {fileID: 4320711091302028497, guid: f68516ad90060cc4cbd1411a5329ecdd, type: 3}
      propertyPath: m_SizeDelta.y
      value: 35
      objectReference: {fileID: 0}
    - target: {fileID: 4320711091302028498, guid: f68516ad90060cc4cbd1411a5329ecdd, type: 3}
      propertyPath: m_Type
      value: 0
      objectReference: {fileID: 0}
    - target: {fileID: 4320711091302028498, guid: f68516ad90060cc4cbd1411a5329ecdd, type: 3}
      propertyPath: m_Sprite
      value: 
      objectReference: {fileID: 21300000, guid: f11c40d2fc935594eb72feefcff3c782, type: 3}
    m_RemovedComponents: []
  m_SourcePrefab: {fileID: 100100000, guid: f68516ad90060cc4cbd1411a5329ecdd, type: 3}
--- !u!4 &4320711091401960611 stripped
Transform:
  m_CorrespondingSourceObject: {fileID: 4320711089903174712, guid: f68516ad90060cc4cbd1411a5329ecdd, type: 3}
  m_PrefabInstance: {fileID: 1860151451}
  m_PrefabAsset: {fileID: 0}
--- !u!1001 &2064029687
PrefabInstance:
  m_ObjectHideFlags: 0
  serializedVersion: 2
  m_Modification:
    m_TransformParent: {fileID: 632094539}
    m_Modifications:
    - target: {fileID: 4320711089830068821, guid: f68516ad90060cc4cbd1411a5329ecdd, type: 3}
      propertyPath: m_UseWorldSpace
      value: 1
      objectReference: {fileID: 0}
    - target: {fileID: 4320711089830068821, guid: f68516ad90060cc4cbd1411a5329ecdd, type: 3}
      propertyPath: m_Parameters.colorGradient.ctime0
      value: 32768
      objectReference: {fileID: 0}
    - target: {fileID: 4320711089830068821, guid: f68516ad90060cc4cbd1411a5329ecdd, type: 3}
      propertyPath: m_Parameters.colorGradient.key0.b
      value: 0.01886791
      objectReference: {fileID: 0}
    - target: {fileID: 4320711089830068821, guid: f68516ad90060cc4cbd1411a5329ecdd, type: 3}
      propertyPath: m_Parameters.colorGradient.key0.g
      value: 0.01886791
      objectReference: {fileID: 0}
    - target: {fileID: 4320711089830068821, guid: f68516ad90060cc4cbd1411a5329ecdd, type: 3}
      propertyPath: m_Parameters.colorGradient.key0.r
      value: 0.01886791
      objectReference: {fileID: 0}
    - target: {fileID: 4320711089830068821, guid: f68516ad90060cc4cbd1411a5329ecdd, type: 3}
      propertyPath: m_Parameters.colorGradient.m_Mode
      value: 0
      objectReference: {fileID: 0}
    - target: {fileID: 4320711089830068821, guid: f68516ad90060cc4cbd1411a5329ecdd, type: 3}
      propertyPath: m_Parameters.widthCurve.m_Curve.Array.data[0].time
      value: 0
      objectReference: {fileID: 0}
    - target: {fileID: 4320711089830068821, guid: f68516ad90060cc4cbd1411a5329ecdd, type: 3}
      propertyPath: m_Parameters.widthCurve.m_Curve.Array.data[0].value
      value: 0.09260693
      objectReference: {fileID: 0}
    - target: {fileID: 4320711089866952121, guid: f68516ad90060cc4cbd1411a5329ecdd, type: 3}
      propertyPath: m_Name
      value: 'Annotation '
      objectReference: {fileID: 0}
    - target: {fileID: 4320711089903174712, guid: f68516ad90060cc4cbd1411a5329ecdd, type: 3}
      propertyPath: m_RootOrder
      value: 4
      objectReference: {fileID: 0}
    - target: {fileID: 4320711089903174712, guid: f68516ad90060cc4cbd1411a5329ecdd, type: 3}
      propertyPath: m_LocalScale.x
      value: 0.25
      objectReference: {fileID: 0}
    - target: {fileID: 4320711089903174712, guid: f68516ad90060cc4cbd1411a5329ecdd, type: 3}
      propertyPath: m_LocalScale.y
      value: 0.25000003
      objectReference: {fileID: 0}
    - target: {fileID: 4320711089903174712, guid: f68516ad90060cc4cbd1411a5329ecdd, type: 3}
      propertyPath: m_LocalScale.z
      value: 0.25000003
      objectReference: {fileID: 0}
    - target: {fileID: 4320711089903174712, guid: f68516ad90060cc4cbd1411a5329ecdd, type: 3}
      propertyPath: m_LocalPosition.x
      value: -0.026041029
      objectReference: {fileID: 0}
    - target: {fileID: 4320711089903174712, guid: f68516ad90060cc4cbd1411a5329ecdd, type: 3}
      propertyPath: m_LocalPosition.y
      value: 0.05505228
      objectReference: {fileID: 0}
    - target: {fileID: 4320711089903174712, guid: f68516ad90060cc4cbd1411a5329ecdd, type: 3}
      propertyPath: m_LocalPosition.z
      value: 0.3107077
      objectReference: {fileID: 0}
    - target: {fileID: 4320711089903174712, guid: f68516ad90060cc4cbd1411a5329ecdd, type: 3}
      propertyPath: m_LocalRotation.w
      value: 1
      objectReference: {fileID: 0}
    - target: {fileID: 4320711089903174712, guid: f68516ad90060cc4cbd1411a5329ecdd, type: 3}
      propertyPath: m_LocalRotation.x
      value: -0
      objectReference: {fileID: 0}
    - target: {fileID: 4320711089903174712, guid: f68516ad90060cc4cbd1411a5329ecdd, type: 3}
      propertyPath: m_LocalRotation.y
      value: -0
      objectReference: {fileID: 0}
    - target: {fileID: 4320711089903174712, guid: f68516ad90060cc4cbd1411a5329ecdd, type: 3}
      propertyPath: m_LocalRotation.z
      value: -0
      objectReference: {fileID: 0}
    - target: {fileID: 4320711089903174712, guid: f68516ad90060cc4cbd1411a5329ecdd, type: 3}
      propertyPath: m_LocalEulerAnglesHint.x
      value: 0
      objectReference: {fileID: 0}
    - target: {fileID: 4320711089903174712, guid: f68516ad90060cc4cbd1411a5329ecdd, type: 3}
      propertyPath: m_LocalEulerAnglesHint.y
      value: 0
      objectReference: {fileID: 0}
    - target: {fileID: 4320711089903174712, guid: f68516ad90060cc4cbd1411a5329ecdd, type: 3}
      propertyPath: m_LocalEulerAnglesHint.z
      value: 0
      objectReference: {fileID: 0}
    - target: {fileID: 4320711089903174719, guid: f68516ad90060cc4cbd1411a5329ecdd, type: 3}
      propertyPath: m_Name
      value: 'Bus Strips  '
      objectReference: {fileID: 0}
    - target: {fileID: 4320711089924688548, guid: f68516ad90060cc4cbd1411a5329ecdd, type: 3}
      propertyPath: m_LocalPosition.x
      value: -16.44111
      objectReference: {fileID: 0}
    - target: {fileID: 4320711089924688548, guid: f68516ad90060cc4cbd1411a5329ecdd, type: 3}
      propertyPath: m_LocalPosition.y
      value: -5.25787
      objectReference: {fileID: 0}
    - target: {fileID: 4320711089924688548, guid: f68516ad90060cc4cbd1411a5329ecdd, type: 3}
      propertyPath: m_LocalPosition.z
      value: 4.9869
      objectReference: {fileID: 0}
    - target: {fileID: 4320711090797480086, guid: f68516ad90060cc4cbd1411a5329ecdd, type: 3}
      propertyPath: m_LocalScale.x
      value: 0.002
      objectReference: {fileID: 0}
    - target: {fileID: 4320711090797480086, guid: f68516ad90060cc4cbd1411a5329ecdd, type: 3}
      propertyPath: m_LocalScale.y
      value: 0.002
      objectReference: {fileID: 0}
    - target: {fileID: 4320711090797480086, guid: f68516ad90060cc4cbd1411a5329ecdd, type: 3}
      propertyPath: m_LocalScale.z
      value: 0.002
      objectReference: {fileID: 0}
    - target: {fileID: 4320711090797480086, guid: f68516ad90060cc4cbd1411a5329ecdd, type: 3}
      propertyPath: m_LocalPosition.z
      value: 4.864
      objectReference: {fileID: 0}
    - target: {fileID: 4320711090797480086, guid: f68516ad90060cc4cbd1411a5329ecdd, type: 3}
      propertyPath: m_LocalRotation.w
      value: 0.7071068
      objectReference: {fileID: 0}
    - target: {fileID: 4320711090797480086, guid: f68516ad90060cc4cbd1411a5329ecdd, type: 3}
      propertyPath: m_LocalRotation.x
      value: 0.7071068
      objectReference: {fileID: 0}
    - target: {fileID: 4320711090797480086, guid: f68516ad90060cc4cbd1411a5329ecdd, type: 3}
      propertyPath: m_LocalRotation.y
      value: 0
      objectReference: {fileID: 0}
    - target: {fileID: 4320711090797480086, guid: f68516ad90060cc4cbd1411a5329ecdd, type: 3}
      propertyPath: m_LocalRotation.z
      value: 0
      objectReference: {fileID: 0}
    - target: {fileID: 4320711090797480086, guid: f68516ad90060cc4cbd1411a5329ecdd, type: 3}
      propertyPath: m_AnchoredPosition.x
      value: -16.606
      objectReference: {fileID: 0}
    - target: {fileID: 4320711090797480086, guid: f68516ad90060cc4cbd1411a5329ecdd, type: 3}
      propertyPath: m_AnchoredPosition.y
      value: -5.2157
      objectReference: {fileID: 0}
    - target: {fileID: 4320711090797480086, guid: f68516ad90060cc4cbd1411a5329ecdd, type: 3}
      propertyPath: m_LocalEulerAnglesHint.x
      value: 90
      objectReference: {fileID: 0}
    - target: {fileID: 4320711090797480086, guid: f68516ad90060cc4cbd1411a5329ecdd, type: 3}
      propertyPath: m_LocalEulerAnglesHint.y
      value: 0
      objectReference: {fileID: 0}
    - target: {fileID: 4320711090797480086, guid: f68516ad90060cc4cbd1411a5329ecdd, type: 3}
      propertyPath: m_LocalEulerAnglesHint.z
      value: 0
      objectReference: {fileID: 0}
    - target: {fileID: 4320711090890752722, guid: f68516ad90060cc4cbd1411a5329ecdd, type: 3}
      propertyPath: m_LocalPosition.x
      value: -4.5
      objectReference: {fileID: 0}
    - target: {fileID: 4320711090890752722, guid: f68516ad90060cc4cbd1411a5329ecdd, type: 3}
      propertyPath: m_LocalPosition.y
      value: 15.8
      objectReference: {fileID: 0}
    - target: {fileID: 4320711091083572766, guid: f68516ad90060cc4cbd1411a5329ecdd, type: 3}
      propertyPath: m_text
      value: 'Bus Strips  '
      objectReference: {fileID: 0}
    - target: {fileID: 4320711091083572766, guid: f68516ad90060cc4cbd1411a5329ecdd, type: 3}
      propertyPath: m_fontColor.b
      value: 1
      objectReference: {fileID: 0}
    - target: {fileID: 4320711091083572766, guid: f68516ad90060cc4cbd1411a5329ecdd, type: 3}
      propertyPath: m_fontColor.g
      value: 1
      objectReference: {fileID: 0}
    - target: {fileID: 4320711091083572766, guid: f68516ad90060cc4cbd1411a5329ecdd, type: 3}
      propertyPath: m_fontColor.r
      value: 1
      objectReference: {fileID: 0}
    - target: {fileID: 4320711091083572766, guid: f68516ad90060cc4cbd1411a5329ecdd, type: 3}
      propertyPath: m_fontColor32.rgba
      value: 4294967295
      objectReference: {fileID: 0}
    - target: {fileID: 4320711091083572766, guid: f68516ad90060cc4cbd1411a5329ecdd, type: 3}
      propertyPath: m_hasFontAssetChanged
      value: 1
      objectReference: {fileID: 0}
    - target: {fileID: 4320711091302028497, guid: f68516ad90060cc4cbd1411a5329ecdd, type: 3}
      propertyPath: m_SizeDelta.x
      value: 90
      objectReference: {fileID: 0}
    - target: {fileID: 4320711091302028497, guid: f68516ad90060cc4cbd1411a5329ecdd, type: 3}
      propertyPath: m_SizeDelta.y
      value: 35
      objectReference: {fileID: 0}
    - target: {fileID: 4320711091302028498, guid: f68516ad90060cc4cbd1411a5329ecdd, type: 3}
      propertyPath: m_Type
      value: 0
      objectReference: {fileID: 0}
    - target: {fileID: 4320711091302028498, guid: f68516ad90060cc4cbd1411a5329ecdd, type: 3}
      propertyPath: m_Sprite
      value: 
      objectReference: {fileID: 21300000, guid: f11c40d2fc935594eb72feefcff3c782, type: 3}
    m_RemovedComponents: []
  m_SourcePrefab: {fileID: 100100000, guid: f68516ad90060cc4cbd1411a5329ecdd, type: 3}
--- !u!4 &4320711091094262735 stripped
Transform:
  m_CorrespondingSourceObject: {fileID: 4320711089903174712, guid: f68516ad90060cc4cbd1411a5329ecdd, type: 3}
  m_PrefabInstance: {fileID: 2064029687}
  m_PrefabAsset: {fileID: 0}
--- !u!1001 &2143849825
PrefabInstance:
  m_ObjectHideFlags: 0
  serializedVersion: 2
  m_Modification:
    m_TransformParent: {fileID: 632094539}
    m_Modifications:
    - target: {fileID: 4320711089830068821, guid: f68516ad90060cc4cbd1411a5329ecdd, type: 3}
      propertyPath: m_UseWorldSpace
      value: 1
      objectReference: {fileID: 0}
    - target: {fileID: 4320711089830068821, guid: f68516ad90060cc4cbd1411a5329ecdd, type: 3}
      propertyPath: m_Parameters.colorGradient.ctime0
      value: 32768
      objectReference: {fileID: 0}
    - target: {fileID: 4320711089830068821, guid: f68516ad90060cc4cbd1411a5329ecdd, type: 3}
      propertyPath: m_Parameters.colorGradient.key0.b
      value: 0.01886791
      objectReference: {fileID: 0}
    - target: {fileID: 4320711089830068821, guid: f68516ad90060cc4cbd1411a5329ecdd, type: 3}
      propertyPath: m_Parameters.colorGradient.key0.g
      value: 0.01886791
      objectReference: {fileID: 0}
    - target: {fileID: 4320711089830068821, guid: f68516ad90060cc4cbd1411a5329ecdd, type: 3}
      propertyPath: m_Parameters.colorGradient.key0.r
      value: 0.01886791
      objectReference: {fileID: 0}
    - target: {fileID: 4320711089830068821, guid: f68516ad90060cc4cbd1411a5329ecdd, type: 3}
      propertyPath: m_Parameters.colorGradient.m_Mode
      value: 0
      objectReference: {fileID: 0}
    - target: {fileID: 4320711089830068821, guid: f68516ad90060cc4cbd1411a5329ecdd, type: 3}
      propertyPath: m_Parameters.widthCurve.m_Curve.Array.data[0].time
      value: 0
      objectReference: {fileID: 0}
    - target: {fileID: 4320711089830068821, guid: f68516ad90060cc4cbd1411a5329ecdd, type: 3}
      propertyPath: m_Parameters.widthCurve.m_Curve.Array.data[0].value
      value: 0.09260693
      objectReference: {fileID: 0}
    - target: {fileID: 4320711089866952121, guid: f68516ad90060cc4cbd1411a5329ecdd, type: 3}
      propertyPath: m_Name
      value: 'Annotation '
      objectReference: {fileID: 0}
    - target: {fileID: 4320711089903174712, guid: f68516ad90060cc4cbd1411a5329ecdd, type: 3}
      propertyPath: m_RootOrder
      value: 1
      objectReference: {fileID: 0}
    - target: {fileID: 4320711089903174712, guid: f68516ad90060cc4cbd1411a5329ecdd, type: 3}
      propertyPath: m_LocalScale.x
      value: 0.25
      objectReference: {fileID: 0}
    - target: {fileID: 4320711089903174712, guid: f68516ad90060cc4cbd1411a5329ecdd, type: 3}
      propertyPath: m_LocalScale.y
      value: 0.25000003
      objectReference: {fileID: 0}
    - target: {fileID: 4320711089903174712, guid: f68516ad90060cc4cbd1411a5329ecdd, type: 3}
      propertyPath: m_LocalScale.z
      value: 0.25000003
      objectReference: {fileID: 0}
    - target: {fileID: 4320711089903174712, guid: f68516ad90060cc4cbd1411a5329ecdd, type: 3}
      propertyPath: m_LocalPosition.x
      value: -0.026041029
      objectReference: {fileID: 0}
    - target: {fileID: 4320711089903174712, guid: f68516ad90060cc4cbd1411a5329ecdd, type: 3}
      propertyPath: m_LocalPosition.y
      value: 0.05505228
      objectReference: {fileID: 0}
    - target: {fileID: 4320711089903174712, guid: f68516ad90060cc4cbd1411a5329ecdd, type: 3}
      propertyPath: m_LocalPosition.z
      value: 0.3107077
      objectReference: {fileID: 0}
    - target: {fileID: 4320711089903174712, guid: f68516ad90060cc4cbd1411a5329ecdd, type: 3}
      propertyPath: m_LocalRotation.w
      value: 1
      objectReference: {fileID: 0}
    - target: {fileID: 4320711089903174712, guid: f68516ad90060cc4cbd1411a5329ecdd, type: 3}
      propertyPath: m_LocalRotation.x
      value: -0
      objectReference: {fileID: 0}
    - target: {fileID: 4320711089903174712, guid: f68516ad90060cc4cbd1411a5329ecdd, type: 3}
      propertyPath: m_LocalRotation.y
      value: -0
      objectReference: {fileID: 0}
    - target: {fileID: 4320711089903174712, guid: f68516ad90060cc4cbd1411a5329ecdd, type: 3}
      propertyPath: m_LocalRotation.z
      value: -0
      objectReference: {fileID: 0}
    - target: {fileID: 4320711089903174712, guid: f68516ad90060cc4cbd1411a5329ecdd, type: 3}
      propertyPath: m_LocalEulerAnglesHint.x
      value: 0
      objectReference: {fileID: 0}
    - target: {fileID: 4320711089903174712, guid: f68516ad90060cc4cbd1411a5329ecdd, type: 3}
      propertyPath: m_LocalEulerAnglesHint.y
      value: 0
      objectReference: {fileID: 0}
    - target: {fileID: 4320711089903174712, guid: f68516ad90060cc4cbd1411a5329ecdd, type: 3}
      propertyPath: m_LocalEulerAnglesHint.z
      value: 0
      objectReference: {fileID: 0}
    - target: {fileID: 4320711089903174719, guid: f68516ad90060cc4cbd1411a5329ecdd, type: 3}
      propertyPath: m_Name
      value: 'Terminal Strips '
      objectReference: {fileID: 0}
    - target: {fileID: 4320711089924688548, guid: f68516ad90060cc4cbd1411a5329ecdd, type: 3}
      propertyPath: m_LocalPosition.x
      value: -16.4416
      objectReference: {fileID: 0}
    - target: {fileID: 4320711089924688548, guid: f68516ad90060cc4cbd1411a5329ecdd, type: 3}
      propertyPath: m_LocalPosition.y
      value: -5.2483
      objectReference: {fileID: 0}
    - target: {fileID: 4320711089924688548, guid: f68516ad90060cc4cbd1411a5329ecdd, type: 3}
      propertyPath: m_LocalPosition.z
      value: 5.1264
      objectReference: {fileID: 0}
    - target: {fileID: 4320711090797480086, guid: f68516ad90060cc4cbd1411a5329ecdd, type: 3}
      propertyPath: m_LocalScale.x
      value: 0.002
      objectReference: {fileID: 0}
    - target: {fileID: 4320711090797480086, guid: f68516ad90060cc4cbd1411a5329ecdd, type: 3}
      propertyPath: m_LocalScale.y
      value: 0.002
      objectReference: {fileID: 0}
    - target: {fileID: 4320711090797480086, guid: f68516ad90060cc4cbd1411a5329ecdd, type: 3}
      propertyPath: m_LocalScale.z
      value: 0.002
      objectReference: {fileID: 0}
    - target: {fileID: 4320711090797480086, guid: f68516ad90060cc4cbd1411a5329ecdd, type: 3}
      propertyPath: m_LocalPosition.z
      value: 5.303
      objectReference: {fileID: 0}
    - target: {fileID: 4320711090797480086, guid: f68516ad90060cc4cbd1411a5329ecdd, type: 3}
      propertyPath: m_LocalRotation.w
      value: 0.7071068
      objectReference: {fileID: 0}
    - target: {fileID: 4320711090797480086, guid: f68516ad90060cc4cbd1411a5329ecdd, type: 3}
      propertyPath: m_LocalRotation.x
      value: 0.7071068
      objectReference: {fileID: 0}
    - target: {fileID: 4320711090797480086, guid: f68516ad90060cc4cbd1411a5329ecdd, type: 3}
      propertyPath: m_LocalRotation.y
      value: 0
      objectReference: {fileID: 0}
    - target: {fileID: 4320711090797480086, guid: f68516ad90060cc4cbd1411a5329ecdd, type: 3}
      propertyPath: m_LocalRotation.z
      value: 0
      objectReference: {fileID: 0}
    - target: {fileID: 4320711090797480086, guid: f68516ad90060cc4cbd1411a5329ecdd, type: 3}
      propertyPath: m_AnchoredPosition.x
      value: -16.59
      objectReference: {fileID: 0}
    - target: {fileID: 4320711090797480086, guid: f68516ad90060cc4cbd1411a5329ecdd, type: 3}
      propertyPath: m_AnchoredPosition.y
      value: -5.262
      objectReference: {fileID: 0}
    - target: {fileID: 4320711090797480086, guid: f68516ad90060cc4cbd1411a5329ecdd, type: 3}
      propertyPath: m_LocalEulerAnglesHint.x
      value: 90
      objectReference: {fileID: 0}
    - target: {fileID: 4320711090797480086, guid: f68516ad90060cc4cbd1411a5329ecdd, type: 3}
      propertyPath: m_LocalEulerAnglesHint.y
      value: 0
      objectReference: {fileID: 0}
    - target: {fileID: 4320711090797480086, guid: f68516ad90060cc4cbd1411a5329ecdd, type: 3}
      propertyPath: m_LocalEulerAnglesHint.z
      value: 0
      objectReference: {fileID: 0}
    - target: {fileID: 4320711090890752722, guid: f68516ad90060cc4cbd1411a5329ecdd, type: 3}
      propertyPath: m_LocalPosition.x
      value: 1.4
      objectReference: {fileID: 0}
    - target: {fileID: 4320711090890752722, guid: f68516ad90060cc4cbd1411a5329ecdd, type: 3}
      propertyPath: m_LocalPosition.y
      value: -15.7
      objectReference: {fileID: 0}
    - target: {fileID: 4320711091083572766, guid: f68516ad90060cc4cbd1411a5329ecdd, type: 3}
      propertyPath: m_text
      value: 'Terminal Strips '
      objectReference: {fileID: 0}
    - target: {fileID: 4320711091083572766, guid: f68516ad90060cc4cbd1411a5329ecdd, type: 3}
      propertyPath: m_fontColor.b
      value: 1
      objectReference: {fileID: 0}
    - target: {fileID: 4320711091083572766, guid: f68516ad90060cc4cbd1411a5329ecdd, type: 3}
      propertyPath: m_fontColor.g
      value: 1
      objectReference: {fileID: 0}
    - target: {fileID: 4320711091083572766, guid: f68516ad90060cc4cbd1411a5329ecdd, type: 3}
      propertyPath: m_fontColor.r
      value: 1
      objectReference: {fileID: 0}
    - target: {fileID: 4320711091083572766, guid: f68516ad90060cc4cbd1411a5329ecdd, type: 3}
      propertyPath: m_fontColor32.rgba
      value: 4294967295
      objectReference: {fileID: 0}
    - target: {fileID: 4320711091083572766, guid: f68516ad90060cc4cbd1411a5329ecdd, type: 3}
      propertyPath: m_hasFontAssetChanged
      value: 1
      objectReference: {fileID: 0}
    - target: {fileID: 4320711091302028497, guid: f68516ad90060cc4cbd1411a5329ecdd, type: 3}
      propertyPath: m_SizeDelta.x
      value: 90
      objectReference: {fileID: 0}
    - target: {fileID: 4320711091302028497, guid: f68516ad90060cc4cbd1411a5329ecdd, type: 3}
      propertyPath: m_SizeDelta.y
      value: 35
      objectReference: {fileID: 0}
    - target: {fileID: 4320711091302028498, guid: f68516ad90060cc4cbd1411a5329ecdd, type: 3}
      propertyPath: m_Type
      value: 0
      objectReference: {fileID: 0}
    - target: {fileID: 4320711091302028498, guid: f68516ad90060cc4cbd1411a5329ecdd, type: 3}
      propertyPath: m_Sprite
      value: 
      objectReference: {fileID: 21300000, guid: f11c40d2fc935594eb72feefcff3c782, type: 3}
    m_RemovedComponents: []
  m_SourcePrefab: {fileID: 100100000, guid: f68516ad90060cc4cbd1411a5329ecdd, type: 3}
--- !u!4 &4320711091149441369 stripped
Transform:
  m_CorrespondingSourceObject: {fileID: 4320711089903174712, guid: f68516ad90060cc4cbd1411a5329ecdd, type: 3}
  m_PrefabInstance: {fileID: 2143849825}
  m_PrefabAsset: {fileID: 0}
